<?xml version="1.0" encoding="UTF-8"?><collection xmlns="http://www.loc.gov/MARC21/slim"><record><leader>00377nam--2200133-i-4500</leader><controlfield tag="001">000050251</controlfield><controlfield tag="002">20161230</controlfield><controlfield tag="005">20161230201048</controlfield><controlfield tag="008">060222s1000------------r-----000-0-eng-d</controlfield><datafield ind1=" " ind2=" " tag="100"><subfield code="a">Balalaev,V.A.,Dzhelepov,B.S.I Uchevatkin,I.F</subfield></datafield><datafield ind1=" " ind2=" " tag="245"><subfield code="a">Izbranye iadra s massovym chislom a=174</subfield></datafield><datafield ind1=" " ind2=" " tag="260"><subfield code="a">Ljeningrad, Izd.Nauka, 1971. 144 S</subfield></datafield><datafield ind1=" " ind2=" " tag="490"><subfield code="a">Svoistva Atomnyh Iader</subfield></datafield><datafield ind1=" " ind2=" " tag="852"><subfield code="a">7201</subfield></datafield></record></collection>